
@inbook{hanushek2020,
	title = {Education production functions},
	author = {Hanushek, E. A.},
	year = {2020},
	date = {2020},
	publisher = {Elsevier},
	pages = {161--170},
	doi = {10.1016/b978-0-12-815391-8.00013-6},
	url = {http://dx.doi.org/10.1016/b978-0-12-815391-8.00013-6}
}

@techreport{endingl2019,
	title = {Ending Learning Poverty: What Will It Take},
	author = {{World Bank}},
	year = {2019},
	month = {10},
	date = {2019-10-16},
	publisher = {World Bank, Washington, DC},
	doi = {10.1596/32553},
	url = {http://dx.doi.org/10.1596/32553}
}

@book{azevedo2020,
	title = {Learning Poverty: Measures and Simulations},
	author = {Azevedo, Joao Pedro},
	year = {2020},
	month = {10},
	date = {2020-10},
	publisher = {World Bank, Washington, DC},
	doi = {10.1596/1813-9450-9446},
	url = {http://dx.doi.org/10.1596/1813-9450-9446}
}

@article{hanushek2008,
	title = {The Role of Cognitive Skills in Economic Development},
	author = {Hanushek, Eric A. and Woessmann, Ludger},
	year = {2008},
	month = {08},
	date = {2008-08-01},
	journal = {Journal of Economic Literature},
	pages = {607--668},
	volume = {46},
	number = {3},
	doi = {10.1257/jel.46.3.607},
	url = {http://dx.doi.org/10.1257/jel.46.3.607},
	langid = {en}
}

@article{educatio2007,
	title = {Education Quality and Economic Growth},
	author = {Hanushek, Eric A. and Woessmann, Ludger},
	year = {2007},
	month = {04},
	date = {2007-04-11},
	doi = {10.1596/978-0-8213-7058-2},
	url = {http://dx.doi.org/10.1596/978-0-8213-7058-2}
}

@article{vittadini2022,
	title = {Non-Cognitive Skills and Cognitive Skills to measure school efficiency},
	author = {Vittadini, Giorgio and Sturaro, Caterina and Folloni, Giuseppe},
	year = {2022},
	month = {06},
	date = {2022-06},
	journal = {Socio-Economic Planning Sciences},
	pages = {101058},
	volume = {81},
	doi = {10.1016/j.seps.2021.101058},
	url = {http://dx.doi.org/10.1016/j.seps.2021.101058},
	langid = {en}
}

@book{hanushek2015,
	title = {The Knowledge Capital of Nations: Education and the Economics of Growth},
	author = {Hanushek, Eric A. and Woessmann, Ludger},
	year = {2015},
	date = {2015},
	publisher = {The MIT Press},
	doi = {10.7551/mitpress/9780262029179.001.0001},
	url = {http://dx.doi.org/10.7551/mitpress/9780262029179.001.0001}
}

@article{altinok2017,
	title = {Does one size fit all? The impact of cognitive skills on economic growth},
	author = {Altinok, Nadir and Aydemir, Abdurrahman},
	year = {2017},
	month = {09},
	date = {2017-09},
	journal = {Journal of Macroeconomics},
	pages = {176--190},
	volume = {53},
	doi = {10.1016/j.jmacro.2017.06.007},
	url = {http://dx.doi.org/10.1016/j.jmacro.2017.06.007},
	langid = {en}
}

@article{monk1989,
	title = {The Education Production Function: Its Evolving Role in Policy Analysis},
	author = {Monk, David H.},
	year = {1989},
	month = {03},
	date = {1989-03},
	journal = {Educational Evaluation and Policy Analysis},
	pages = {31--45},
	volume = {11},
	number = {1},
	doi = {10.3102/01623737011001031},
	url = {http://dx.doi.org/10.3102/01623737011001031},
	langid = {en}
}

@article{brown1975,
	title = {The Production and Distribution of Cognitive Skills within Schools},
	author = {Brown, Byron W. and Saks, Daniel H.},
	year = {1975},
	month = {06},
	date = {1975-06},
	journal = {Journal of Political Economy},
	pages = {571--593},
	volume = {83},
	number = {3},
	doi = {10.1086/260341},
	url = {http://dx.doi.org/10.1086/260341},
	langid = {en}
}

@article{hanushek1979,
	title = {Conceptual and Empirical Issues in the Estimation of Educational Production Functions},
	author = {Hanushek, E. A.},
	year = {1979},
	date = {1979},
	journal = {The Journal of Human Resources},
	pages = {351},
	volume = {14},
	number = {3},
	doi = {10.2307/145575},
	url = {http://dx.doi.org/10.2307/145575}
}

@inbook{hanushek1987,
	title = {Educational Production Functions},
	author = {Hanushek, E.A.},
	year = {1987},
	date = {1987},
	publisher = {Elsevier},
	pages = {33--42},
	doi = {10.1016/b978-0-08-033379-3.50013-9},
	url = {http://dx.doi.org/10.1016/b978-0-08-033379-3.50013-9}
}

@article{mincer1958,
	title = {Investment in Human Capital and Personal Income Distribution},
	author = {Mincer, Jacob},
	year = {1958},
	month = {08},
	date = {1958-08},
	journal = {Journal of Political Economy},
	pages = {281--302},
	volume = {66},
	number = {4},
	doi = {10.1086/258055},
	url = {http://dx.doi.org/10.1086/258055},
	langid = {en}
}

@article{bowles1968,
	title = {The Determinants of Scholastic Achievement-An Appraisal of Some Recent Evidence},
	author = {Bowles, Samuel and Levin, Henry M.},
	year = {1968},
	date = {1968},
	journal = {The Journal of Human Resources},
	pages = {3},
	volume = {3},
	number = {1},
	doi = {10.2307/144645},
	url = {http://dx.doi.org/10.2307/144645}
}

@incollection{bowles1970,
  author = {Bowles, Samuel},
  title = {Towards an Educational Production Function},
  booktitle = {Education, Income, and Human Capitals},
  editor = {Hansen, W. L.},
  publisher = {National Bureau of Economic Research (NBER)},
  year = {1970},
  pages = {11--70}
}

@article{khan2007,
	title = {Educational Production Functions for Rural Pakistan: A Comparative Institutional Analysis},
	author = {Khan, Shahrukh Rafi and Kiefer, David},
	year = {2007},
	month = {09},
	date = {2007-09},
	journal = {Education Economics},
	pages = {327--342},
	volume = {15},
	number = {3},
	doi = {10.1080/09645290701273590},
	url = {http://dx.doi.org/10.1080/09645290701273590},
	langid = {en}
}

@techreport{pisa2012019a,
	title = {PISA 2018 Results (Volume I)},
	author = {OECD},
	year = {2019},
	month = {12},
	date = {2019-12-03},
	journal = {PISA},
	doi = {10.1787/5f07c754-en},
	url = {http://dx.doi.org/10.1787/5f07c754-en}
}

@article{brempong1991,
	title = {Production of Education: Are Socioeconomic 
	Characteristics Important Factors?},
	author = {Gyimah-Brempong, Kwabena and Gyapong, Anthony O.},
	year = {1991},
	journal = {Eastern Economic Journal},
	pages = {507--521},
	volume = {17},
	number = {4},
	langid = {en}
}

@article{hanchane2012,
	title = {Solving endogeneity problems in multilevel estimation: an example using education production functions},
	author = {Hanchane, {Saïd} and Mostafa, Tarek},
	year = {2012},
	month = {05},
	date = {2012-05},
	journal = {Journal of Applied Statistics},
	pages = {1101--1114},
	volume = {39},
	number = {5},
	doi = {10.1080/02664763.2011.638705},
	url = {http://dx.doi.org/10.1080/02664763.2011.638705},
	langid = {en}
}

@article{goldhaber1997,
	title = {Why Don't Schools and Teachers Seem to Matter? Assessing the Impact of Unobservables on Educational Productivity},
	author = {Goldhaber, Dan D. and Brewer, Dominic J.},
	year = {1997},
	date = {1997},
	journal = {The Journal of Human Resources},
	pages = {505},
	volume = {32},
	number = {3},
	doi = {10.2307/146181},
	url = {http://dx.doi.org/10.2307/146181}
}

@article{simmons1978,
	title = {The Determinants of School Achievement in Developing Countries: A Review of the Research},
	author = {Simmons, John and Alexander, Leigh},
	year = {1978},
	month = {01},
	date = {1978-01},
	journal = {Economic Development and Cultural Change},
	pages = {341--357},
	volume = {26},
	number = {2},
	doi = {10.1086/451019},
	url = {http://dx.doi.org/10.1086/451019},
	langid = {en}
}

@techreport{mcclung1977,
  author = {McClung, Roger L.},
  title = {Identification of an Educational Production Function for Diverse Technologies},
  institution = {Center for Development Technology, Washington University},
  address = {Saint Louis, Missouri 63130},
  number = {CDT-77/2},
  month = {January},
  year = {1977}
}

@inbook{sacerdote2011,
	title = {Peer Effects in Education: How Might They Work, How Big Are They and How Much Do We Know Thus Far?},
	author = {Sacerdote, Bruce},
	year = {2011},
	date = {2011},
	publisher = {Elsevier},
	pages = {249--277},
	doi = {10.1016/b978-0-444-53429-3.00004-1},
	url = {http://dx.doi.org/10.1016/B978-0-444-53429-3.00004-1},
	langid = {en}
}

@inproceedings{dannemann2019,
  author = {Dannemann, Bernhard C.},
  title = {Peer Effects in Secondary Education: Evidence from Trends in Mathematics and Science Study 2015 Based    on Weak-Tie Bonds},
  booktitle = {Beiträge zur Jahrestagung des Vereins für Socialpolitik 2019: 30 Jahre Mauerfall - Demokratie und    Marktwirtschaft - Session: Education Economics II},
  number = {B17-V1},
  organization = {ZBW - Leibniz-Informationszentrum Wirtschaft},
  address = {Kiel, Hamburg},
  year = {2019}
}

@article{epple1998,
 ISSN = {00028282},
 URL = {http://www.jstor.org/stable/116817},
 author = {Dennis Epple and Richard E. Romano},
 journal = {The American Economic Review},
 number = {1},
 pages = {33--62},
 publisher = {American Economic Association},
 title = {Competition between Private and Public Schools, Vouchers, and Peer-Group Effects},
 urldate = {2024-09-13},
 volume = {88},
 year = {1998}
}


@techreport{epple2000b,
	title = {Ability Tracking, School Competition, and the Distribution of Educational Benefits},
	author = {Epple, Dennis and Newlon, Elizabeth and Romano, Richard},
	year = {2000},
	month = {08},
	date = {2000-08},
	doi = {10.3386/w7854},
	url = {http://dx.doi.org/10.3386/w7854}
}

@techreport{epple2000a,
	title = {Neighborhood Schools, Choice, and the Distribution of Educational Benefits},
	author = {Epple, Dennis and Romano, Richard},
	year = {2000},
	month = {08},
	date = {2000-08},
	doi = {10.3386/w7850},
	url = {http://dx.doi.org/10.3386/w7850}
}


@article{epple2004,
	title = {Competition between private and public schools: testing stratification and pricing predictions},
	author = {Epple, Dennis and Figlio, David and Romano, Richard},
	year = {2004},
	month = {07},
	date = {2004-07},
	journal = {Journal of Public Economics},
	pages = {1215--1245},
	volume = {88},
	number = {7-8},
	doi = {10.1016/s0047-2727(02)00187-1},
	url = {http://dx.doi.org/10.1016/s0047-2727(02)00187-1},
	langid = {en}
}

@article{zhu2021,
	title = {Reading matters more than mathematics in science learning: an analysis of the relationship between student achievement in reading, mathematics, and science},
	author = {Zhu, Yuanze},
	year = {2021},
	month = {12},
	date = {2021-12-02},
	journal = {International Journal of Science Education},
	pages = {1--17},
	volume = {44},
	number = {1},
	doi = {10.1080/09500693.2021.2007552},
	url = {http://dx.doi.org/10.1080/09500693.2021.2007552},
	langid = {en}
}

@article{caponera2016,
	title = {The influence of reading literacy on mathematics and science achievement},
	author = {Caponera, Elisa and Sestito, Paolo and Russo, Paolo M.},
	year = {2016},
	month = {03},
	date = {2016-03-03},
	journal = {The Journal of Educational Research},
	pages = {197--204},
	volume = {109},
	number = {2},
	doi = {10.1080/00220671.2014.936998},
	url = {http://dx.doi.org/10.1080/00220671.2014.936998},
	langid = {en}
}

@techreport{buchholz2022,
	title = {Developing measures of engagement in PISA},
	author = {Buchholz, Janine and Cignetti, Marta and Piacentini, Mario},
	year = {2022},
	month = {10},
	date = {2022-10-25},
	doi = {10.1787/2d9a73ca-en},
	url = {http://dx.doi.org/10.1787/2d9a73ca-en}
}

@techreport{pisa2012019c,
	title = {PISA 2018 Assessment and Analytical Framework},
	author = {OECD},
	year = {2019},
	month = {04},
	date = {2019-04-26},
	doi = {10.1787/b25efab8-en},
	url = {http://dx.doi.org/10.1787/b25efab8-en},
	langid = {en}
}

@techreport{pisa2012019b,
	title = {PISA 2018 Results (Volume II)},
	author = {OECD},
	year = {2019},
	month = {12},
	date = {2019-12-03},
	doi = {10.1787/b5fd1b8f-en},
	url = {http://dx.doi.org/10.1787/b5fd1b8f-en},
	langid = {en}
}

@article{avanesian2022,
	title = {Can We Improve Learning Outcomes of Schoolchildren from the Poorest Families by Investing into Their Non-Cognitive Skills? Causal Analysis Using Propensity Score Matching},
	author = {Avanesian, Garen and Borovskaya, Marina and Ryzhova, {Viсtoria} and Kirik, Vladimir and Egorova, Valeria and Bermous, Alexander},
	year = {2022},
	month = {03},
	date = {2022-03-17},
	journal = {Voprosy Obrazovaniya / Educational Studies Moscow},
	pages = {13--53},
	number = {1},
	doi = {10.17323/1814-9545-2022-1-13-53},
	url = {http://dx.doi.org/10.17323/1814-9545-2022-1-13-53}
}



@techreport{thelear2021,
	title = {The learning gain over one school year among 15-year-olds},
	author = {Avvisati, Francesco and Givord, Pauline },
	year = {2021},
	month = {06},
	date = {2021-06-30},
	doi = {10.1787/d99e8c0a-en},
	url = {http://dx.doi.org/10.1787/d99e8c0a-en}
}

@techreport{howmuch2021,
	title = {How much do 15-year-olds learn over one year of schooling? An international comparison based on PISA},
	author = {Avvisati, Francesco and Givord, Pauline },
	year = {2021},
	month = {10},
	date = {2021-10-20},
	doi = {10.1787/a28ed097-en},
	url = {http://dx.doi.org/10.1787/a28ed097-en}
}

@article{todd2003,
	title = {On the Specification and Estimation of the Production Function for Cognitive Achievement},
	author = {Todd, Petra E. and Wolpin, Kenneth I.},
	year = {2003},
	month = {02},
	date = {2003-02-01},
	journal = {The Economic Journal},
	pages = {F3--F33},
	volume = {113},
	number = {485},
	doi = {10.1111/1468-0297.00097},
	url = {http://dx.doi.org/10.1111/1468-0297.00097},
	langid = {en}
}

@inbook{glewwe2006,
	title = {Chapter 16. Schools, Teachers, and Education Outcomes in Developing Countries},
	author = {Glewwe, Paul and Kremer, Michael},
	year = {2006},
	date = {2006},
	publisher = {Elsevier},
	pages = {945--1017},
	doi = {10.1016/s1574-0692(06)02016-2},
	url = {http://dx.doi.org/10.1016/S1574-0692(06)02016-2}
}

@article{lme4,
	title = {Fitting Linear Mixed-Effects Models Using {\textbraceleft}lme4{\textbraceright}},
	author = {Bates, Douglas and {Machler}, Martin and Bolker, Ben and Walker, Steve},
	year = {2015},
	date = {2015},
	volume = {67},
	doi = {10.18637/jss.v067.i01}
}

@Manual{R,
    title = {R: A Language and Environment for Statistical Computing},
    author = {{R Core Team}},
    organization = {R Foundation for Statistical Computing},
    address = {Vienna, Austria},
    year = {2021},
    url = {https://www.R-project.org/},
  }

@article{lme4,
	title = {Fitting Linear Mixed-Effects Models Using lme4},
	author = {Bates, Douglas and Machler, Martin and Bolker, Ben and Walker, Steve},
	year = {2015},
	date = {2015},
	volume = {67},
	doi = {10.18637/jss.v067.i01}
}

@article{bates2015,
	title = {Fitting Linear Mixed-Effects Models Using lme4},
	author = {Bates, Douglas and Machler, Martin and Bolker, Ben and Walker, Steve},
	year = {2015},
	date = {2015},
	journal = {Journal of Statistical Software},
	volume = {67},
	number = {1},
	doi = {10.18637/jss.v067.i01},
	url = {http://dx.doi.org/10.18637/jss.v067.i01},
	langid = {en}
}



@article{avvisati2023,
	title = {The learning gain over one school year among 15-year-olds: An international comparison based on PISA},
	author = {Avvisati, Francesco and Givord, Pauline},
	year = {2023},
	month = {10},
	date = {2023-10},
	journal = {Labour Economics},
	pages = {102365},
	volume = {84},
	doi = {10.1016/j.labeco.2023.102365},
	url = {http://dx.doi.org/10.1016/j.labeco.2023.102365},
	langid = {en}
}

@book{evans2019,
	title = {Equivalent Years of Schooling: A Metric to Communicate Learning Gains in Concrete Terms},
	author = {Evans, David K. and Yuan, Fei},
	year = {2019},
	month = {02},
	date = {2019-02},
	publisher = {World Bank, Washington, DC},
	doi = {10.1596/1813-9450-8752},
	url = {http://dx.doi.org/10.1596/1813-9450-8752},
	langid = {en}
}

@book{dehoyos2015a,
	title = {Understanding the Trends in Learning Outcomes in Argentina, 2000 to 2012},
	author = {De Hoyos, Rafael and Holland, Peter A. and Troiano, Sara},
	year = {2015},
	month = {12},
	date = {2015-12-17},
	publisher = {World Bank, Washington, DC},
	doi = {10.1596/1813-9450-7518},
	url = {http://dx.doi.org/10.1596/1813-9450-7518},
	langid = {en}
}

@article{heckman2006a,
	title = {The Effects of Cognitive and Noncognitive Abilities on Labor Market Outcomes and Social Behavior},
	author = {Heckman, {James J.} and Stixrud, Jora and Urzua, Sergio},
	year = {2006},
	month = {07},
	date = {2006-07},
	journal = {Journal of Labor Economics},
	pages = {411--482},
	volume = {24},
	number = {3},
	doi = {10.1086/504455},
	url = {http://dx.doi.org/10.1086/504455},
	langid = {en}
}

@article{borghans2008,
	title = {The Economics and Psychology of Personality Traits},
	author = {Borghans, Lex and Duckworth, Angela Lee and Heckman, James J. and ter Weel, Bas},
	year = {2008},
	date = {2008},
	journal = {Journal of Human Resources},
	pages = {972--1059},
	volume = {43},
	number = {4},
	doi = {10.1353/jhr.2008.0017},
	url = {http://dx.doi.org/10.1353/jhr.2008.0017},
	langid = {en}
}

@article{paunesku2015,
	title = {Mind-Set Interventions Are a Scalable Treatment for Academic Underachievement},
	author = {Paunesku, David and Walton, Gregory M. and Romero, Carissa and Smith, Eric N. and Yeager, David S. and Dweck, Carol S.},
	year = {2015},
	month = {04},
	date = {2015-04-10},
	journal = {Psychological Science},
	pages = {784--793},
	volume = {26},
	number = {6},
	doi = {10.1177/0956797615571017},
	url = {http://dx.doi.org/10.1177/0956797615571017},
	langid = {en}
}

@article{durlak2011,
	title = {The Impact of Enhancing Students{\textquoteright} Social and Emotional Learning: A Meta{-}Analysis of School{-}Based Universal Interventions},
	author = {Durlak, Joseph A. and Weissberg, Roger P. and Dymnicki, Allison B. and Taylor, Rebecca D. and Schellinger, Kriston B.},
	year = {2011},
	month = {01},
	date = {2011-01},
	journal = {Child Development},
	pages = {405--432},
	volume = {82},
	number = {1},
	doi = {10.1111/j.1467-8624.2010.01564.x},
	url = {http://dx.doi.org/10.1111/j.1467-8624.2010.01564.x},
	langid = {en}
}

@article{sklad2012,
	title = {Effectiveness of school{-}based universal social, emotional, and behavioral programs: Do they enhance students{\textquoteright} development in the area of skill, behavior, and adjustment?},
	author = {Sklad, Marcin and Diekstra, {René} and Ritter, Monique De and Ben, Jehonathan and Gravesteijn, Carolien},
	year = {2012},
	month = {10},
	date = {2012-10-05},
	journal = {Psychology in the Schools},
	pages = {892--909},
	volume = {49},
	number = {9},
	doi = {10.1002/pits.21641},
	url = {http://dx.doi.org/10.1002/pits.21641},
	langid = {en}
}

@article{walberg1983,
	title = {Matthew Effects in Education},
	author = {Walberg, Herbert J. and Tsai, Shiow-Ling},
	year = {1983},
	month = {01},
	date = {1983-01},
	journal = {American Educational Research Journal},
	pages = {359--373},
	volume = {20},
	number = {3},
	doi = {10.3102/00028312020003359},
	url = {http://dx.doi.org/10.3102/00028312020003359},
	langid = {en}
}

@book{bonoli2017,
	title = {Social Investment and the Matthew Effect},
	author = {Bonoli, Giuliano and Cantillon, Bea and Lancker, Wim Van},
	year = {2017},
	month = {07},
	date = {2017-07-20},
	publisher = {Oxford University Press},
	doi = {10.1093/oso/9780198790488.003.0005},
	url = {http://dx.doi.org/10.1093/oso/9780198790488.003.0005}
}

@article{stanovich2009,
	title = {Matthew Effects in Reading: Some Consequences of Individual Differences in the Acquisition of Literacy},
	author = {Stanovich, Keith E.},
	year = {2009},
	month = {01},
	date = {2009-01},
	journal = {Journal of Education},
	pages = {23--55},
	volume = {189},
	number = {1-2},
	doi = {10.1177/0022057409189001-204},
	url = {http://dx.doi.org/10.1177/0022057409189001-204},
	langid = {en}
}

@inbook{rigney2010,
 URL = {http://www.jstor.org/stable/10.7312/rign14948.8},
 author = {Daniel Rigney},
 booktitle = {The Matthew Effect: How Advantage Begets Further Advantage},
 pages = {75--86},
 publisher = {Columbia University Press},
 title = {Matthew Effects in Education and Culture},
 urldate = {2024-09-20},
 year = {2010}
}


@article{merton1988,
	title = {The Matthew Effect in Science, II: Cumulative Advantage and the Symbolism of Intellectual Property},
	author = {Merton, Robert K.},
	year = {1988},
	month = {12},
	date = {1988-12},
	journal = {Isis},
	pages = {606--623},
	volume = {79},
	number = {4},
	doi = {10.1086/354848},
	url = {http://dx.doi.org/10.1086/354848},
	langid = {en}
}

@article{merton1968,
	title = {The Matthew Effect in Science},
	author = {Merton, Robert K.},
	year = {1968},
	month = {01},
	date = {1968-01-05},
	journal = {Science},
	pages = {56--63},
	volume = {159},
	number = {3810},
	doi = {10.1126/science.159.3810.56},
	url = {http://dx.doi.org/10.1126/science.159.3810.56},
	langid = {en}
}


@techreport{hsepisa2019,
	title = {Russia Results In Math, Reading, and Science in Pisa 2018 and What They Say About Education In The Country},
	author = {Adamovich, Kseniia and Kapuza, Anastasia and Zakharov, Andrey and Froumin, Isak },
	year = {2019},
	publisher = {Higher School of Economics},
	url = {https://ioe.hse.ru/pubs/share/direct/409673299.pdf}
} 


@inbook{cunha2006,
	title = {Chapter 12. Interpreting the Evidence on Life Cycle Skill Formation},
	author = {Cunha, Flavio and Heckman, James J. and Lochner, Lance and Masterov, Dimitriy V.},
	year = {2006},
	date = {2006},
	publisher = {Elsevier},
	pages = {697--812},
	doi = {10.1016/s1574-0692(06)01012-9},
	url = {http://dx.doi.org/10.1016/S1574-0692(06)01012-9}
}

@article{lmerTest,
	title = {{\textbraceleft}lmerTest{\textbraceright} Package: Tests in Linear Mixed Effects Models},
	author = {Kuznetsova, Alexandra and Brockhoff, Per B. and Christensen, Rune H. B.},
	year = {2017},
	date = {2017},
	journal = {Journal of Statistical Software},
	volume = {82},
	doi = {10.18637/jss.v082.i13}
}

@inbook{hanushek2011,
	title = {The Economics of International Differences in Educational Achievement},
	author = {Hanushek, Eric A. and Woessmann, Ludger},
	year = {2011},
	date = {2011},
	publisher = {Elsevier},
	pages = {89--200},
	doi = {10.1016/b978-0-444-53429-3.00002-8},
	url = {http://dx.doi.org/10.1016/B978-0-444-53429-3.00002-8}
}

@article{cunha2010,
	title = {Estimating the Technology of Cognitive and Noncognitive Skill Formation},
	author = {Cunha, Flavio and Heckman, James and Schennach, Susanne},
	year = {2010},
	date = {2010},
	journal = {Econometrica},
	pages = {883--931},
	volume = {78},
	number = {3},
	doi = {10.3982/ecta6551},
	url = {http://dx.doi.org/10.3982/ECTA6551},
	langid = {en}
}

@article{cunha2007,
	title = {The Technology of Skill Formation},
	author = {Cunha, Flavio and Heckman, James},
	year = {2007},
	month = {04},
	date = {2007-04-01},
	journal = {American Economic Review},
	pages = {31--47},
	volume = {97},
	number = {2},
	doi = {10.1257/aer.97.2.31},
	url = {http://dx.doi.org/10.1257/aer.97.2.31},
	langid = {en}
}

@article{lucas2015,
	title = {Human Capital and Growth},
	author = {Lucas, Robert E.},
	year = {2015},
	month = {05},
	date = {2015-05-01},
	journal = {American Economic Review},
	pages = {85--88},
	volume = {105},
	number = {5},
	doi = {10.1257/aer.p20151065},
	url = {http://dx.doi.org/10.1257/aer.p20151065},
	langid = {en}
}

@techreport{agostinelli2020,
	title = {When the Great Equalizer Shuts Down: Schools, Peers, and Parents in Pandemic Times},
	author = {Agostinelli, Francesco and Doepke, Matthias and Sorrenti, Giuseppe and Zilibotti, Fabrizio},
	year = {2020},
	month = {12},
	date = {2020-12},
	doi = {10.3386/w28264},
	url = {http://dx.doi.org/10.3386/w28264}
}
